\begin{thebibliography}{}

\bibitem{JairoCamera}
Jairo Salazar-Vazquez and Andres Mendez-Vazquez. Development of an Open Source and Open Hardware HSI. Non-Released Version. January 2017. Accessed Confidentially.

\bibitem{FuzzyVD}
Jairo Salazar-Vazquez and Andres Mendez-Vazquez. \emph{FuzzyVD: An algorithm that uses Fuzzy Logic and Fuzzy Systems to estimate the number of endmembers present in a hyperspectral image}.\hskip 1em \relax Centro de Investigaci\'on y Estudios Avanzados del Insituto Pilit\'ecnico Nacional, Campus Guadalajara. NAFIPS'2015. Seattle, Washington, USA. 2015.

\bibitem{PracCam}
Ralf Habel, Michael Kudenov and Michael Wimmer. “Practical Spectral Photography”. EUROGRAPHICS 2012 / P. Cignoni, T. Ertl. 
Volume 31, Number 2. 2012.

\bibitem{chile}
PATRONES DE RESPUESTA ESPECTRAL Jaime Hernández P. y Daniel Montaner F. Lab. Geomática y Ecología del Paisaje (GEP) – Facultad de Ciencias Forestales Universidad de Chile

\bibitem{Craig}
Craig F. Bohren (2006). Fundamentals of Atmospheric Radiation: An Introduction with 400 Problems. Wiley-VCH. ISBN 3-527-40503-8.

\bibitem{nasaimage}
Nasa, Dr. Lin Chambers. 2016. Diagram of electromagnetic spectrum. https://mynasadata.larc.nasa.gov/science-practices/electromagnetic-diagram Diagram of electromagnetic spectrum courtesy of NASA.{https://mynasadata.larc.nasa.gov/science-practices/electromagnetic-diagram/}

\bibitem{Quinones}
IMÁGENES HIPERESPECTRALES: ANÁLISIS Y APLICACIONES. Sebastián Quiñones F. Cartógrafo Centro de Ecología Aplicada

\bibitem{animal}
Abhijit J Chaudhari and Felix Darvas and James R Bading and Rex A Moats and Peter S Conti and Desmond J Smith and Simon R Cherry and Richard M Leahy, “Hyperspectral and multispectral bioluminescence optical tomography for small animal imaging,” in Physics in Medicine and Biology, vol. 50, 2005 

\bibitem{FourierBook}
Khare, Kedar. (2016) Fourier Optics and Computational Imaging. Retrieved from https://leseprobe.buch.de/images-adb/54/7a/547af900-58db-497e-89a3-7313a0db3a88.pdf

\bibitem{MatlabDenoising}
Hemant Kumar Aggarwal. 2014. Hyperspectral Denoising. Retrieved from https://www.mathworks.com/matlabcentral/fileexchange/46988-hyperspectraldenoising-zip

\bibitem{Bayer}
DIGITAL CAMERA SENSORS. (n.d.). Retrieved February 06, 2017, from http://www.cambridgeincolour.com/tutorials/camera-sensors.htm

\bibitem{AVIRIS}
NASA. \emph{AVIRIS Airborne Visible / Infrared Imaging Spectrometer}.\hskip 1em \relax Free AVIRIS Standard Data Products. United States of America. \hskip 1em \relax http://aviris.jpl.nasa.gov/data/free\_data.html. Availabe January 2015.

\bibitem{Applications}
Telops. Obtained at March 20th, 2015, Retrieved from http://www.telops.com/en/media-library/publications 

\bibitem{Wavalet}
Introducción a la Transformada Wavelet DESCOMPOSICIÓN DE SEÑALES. Retrieved from http://www.exa.unicen.edu.ar/escuelapav/cursos/wavelets/apunte.pdf

\bibitem{WaveVsFourier}
Spike sorting based on discrete wavelet transform coefficients - Scientific Figure on ResearchGate. 2017. Retrieved from: 
\href{https://www.researchgate.net/12327569_fig1_Fig-1-Signal-decomposition-and-reconstruction-Fourier-versus-Wavelet-Transforms-A-A}{url}

\bibitem{Yakovlev}
Yakovlev, A. S. Window fourier and wavelet transforms. properties and applications of wavelets. Department of Computational Physics, St Petersburg State University, Russia.(Cited on pages 9 and 47.).

\bibitem{NoiseEstimation}
José M. Bioucas-Dias and José M.P. Nascimento. \emph{Hyperspectral Subspace Identification}.\hskip 1em \relax IEEE Transactions on geoscience and remote sensing. Vol 46, NO. 8. August, 2008.

\bibitem{NoiseEstimation2}
KILPEL E. "Compensation of systematic errors of image and model coordinates". Photogrammetria 37 (1981), 15 – 44. 

\bibitem{medical}
SHEPP L. A., VARDI Y., "Maximum Likelihood Reconstruction for Emission Tomography," Medical Imaging, IEEE Transactions on 1, 2 (1982), 113–122. 

\bibitem{Blur}
Documentation. (n.d.). Retrieved February 06, 2017, from {https://www.mathworks.com/help/images/deblurring-with-a-regularized-filter.html}

\bibitem{Sharp}
Documentation. (n.d.). Retrieved February 06, 2017, from {https://www.mathworks.com/help/images/ref/imsharpen.html}

\bibitem{extra1}
J. M. Bioucas-Dias and J. M. P. Nascimento, "Hyperspectral Subspace Identification," in IEEE Transactions on Geoscience and Remote Sensing, vol. 46, no. 8, pp. 2435-2445, Aug. 2008.

\bibitem{extra2}
C. Li, T. Sun, K. F. Kelly and Y. Zhang, "A Compressive Sensing and Unmixing Scheme for Hyperspectral Data Processing," in IEEE Transactions on Image Processing, vol. 21, no. 3, pp. 1200-1210, March 2012.e

\bibitem{extra6}
L. Sun and W. Gao, “Method of selecting the best classification bands from hyperspectral images based on genetic algorithm and rough set,” in Proc. of the SPIE conference on Hyperspectral Remote Sensing and Application, R. O. Green and Q. Tong, Eds., vol. 3502, 1998, pp. 179–184.

\bibitem{extra7}
A. Ifarraguerri and M. W. Prairie, “Visual method for spectral band selection,” IEEE Geosci. Remote Sensing Let., vol. 1, no. 2, pp. 101–106, 2004.

\bibitem{extra10}
H. Othman and Shen-En Qian, "Noise reduction of hyperspectral imagery using hybrid spatial-spectral derivative-domain wavelet shrinkage," in IEEE Transactions on Geoscience and Remote Sensing, vol. 44, no. 2, pp. 397-408, Feb. 2006.

\bibitem{extra11}
Richard B. Gomez ; Amin Jazaeri and Menas Kafatos, "Wavelet-based hyperspectral and multispectral image fusion", Proc. SPIE 4383, Geo-Spatial Image and Data Exploitation II, 36 (June 1, 2001).


\end{thebibliography}
